<record><leader>00000cas a22000007a 4500</leader><controlfield tag="001">14210992</controlfield><controlfield tag="008">860912d19531981iauwr ne      0    0eng d</controlfield><datafield ind1=" " ind2=" " tag="010"><subfield code="a">sn 86060191 </subfield></datafield><datafield ind1=" " ind2=" " tag="040"><subfield code="a">INP</subfield><subfield code="b">eng</subfield><subfield code="c">INP</subfield><subfield code="d">OCLCQ</subfield></datafield><datafield ind1=" " ind2=" " tag="042"><subfield code="a">msc</subfield></datafield><datafield ind1="0" ind2="4" tag="245"><subfield code="a">The Batavia beacon.</subfield></datafield><datafield ind1=" " ind2=" " tag="260"><subfield code="a">Batavia, Iowa :</subfield><subfield code="b">Keith C. Dinsmore,</subfield><subfield code="c">-1981.</subfield></datafield><datafield ind1=" " ind2=" " tag="300"><subfield code="a">v. :</subfield><subfield code="b">ill.</subfield></datafield><datafield ind1=" " ind2=" " tag="310"><subfield code="a">Weekly</subfield></datafield><datafield ind1="1" ind2=" " tag="362"><subfield code="a">Began in 1953.</subfield><subfield code="z">Cf. Batavia beacon, Mar. 6, 1975.</subfield></datafield><datafield ind1="0" ind2=" " tag="362"><subfield code="a">-v. 31, no. 41 (Oct. 7, 1981).</subfield></datafield><datafield ind1=" " ind2=" " tag="500"><subfield code="a">Official Jefferson County newspaper.</subfield></datafield><datafield ind1=" " ind2=" " tag="515"><subfield code="a">Numbering system omitted &lt;Mar. 6, 1975&gt;; issues for Mar. 13, 1975-Oct. 7, 1981 called v. 22, no. 16-v. 31, no. 41.</subfield></datafield><datafield ind1=" " ind2=" " tag="515"><subfield code="a">Occasional issues misnumbered and misdated.</subfield></datafield><datafield ind1=" " ind2=" " tag="525"><subfield code="a">Includes occasional supplements.</subfield></datafield><datafield ind1=" " ind2=" " tag="588"><subfield code="a">Description based on: Mar. 6, 1975.</subfield></datafield><datafield ind1=" " ind2=" " tag="752"><subfield code="a">United States</subfield><subfield code="b">Iowa</subfield><subfield code="c">Jefferson</subfield><subfield code="d">Batavia.</subfield></datafield><datafield ind1="0" ind2="7" tag="785"><subfield code="t">Eldon forum (Eldon, Iowa : 1921)</subfield><subfield code="w">(DLC)sn 86061208</subfield></datafield><datafield ind1="0" ind2="7" tag="785"><subfield code="t">Beacon-forum</subfield><subfield code="w">(DLC)sn 86061209</subfield></datafield></record>